@comment{x-kbibtex-personnameformatting=<%l><, %f>}

%
% BibTex Database
% ===========================================================================
%

@book{Low13,
  author 	={Lowdermilk, Travis},
  title 	={User-Centered Design},
  subtitle 	={A Developer's Guide to Building User-Friendly Applications},
  chapter 	={8},
  chaptertitle 	={Gathering Feedback},
  pages   	={77--94},
  edition 	={1},
  year 		={2013},
  publisher 	={O'Reilly},
  isbn 		={978-1-449-35980-5},
}

@book{Gil15,
  author 	={Gilat, Amos},
  title 	={MATLAB},
  subtitle 	={An Intorduction with Applications},
  edition 	={5},
  year 		={2015},
  publisher 	={Wiley},
  isbn 		={978-1-118-62986-4},
}

@book{Len13,
  author 	={Lent, Craig S.},
  title 	={Learning to Program with MATLAB},
  subtitle 	={Building GUI tools},
  edition 	={},
  year 		={2013},
  publisher 	={Wiley},
  isbn 		={978-0-470-93644-3},
}

@misc{IPT,
  shorthand 	={IPT},
  author 	={Image~Processing~Toolbox},
  title 	={Bildverarbeitung, Bildanalyse und Algorithmenentwicklung},
  url 		={http://ch.mathworks.com/products/image/},
  urldate 	={2015-10-11},
}

%   url 		={http://www.imageprocessingplace.com},
  urldate 	={2015-10-11},
@book{GWE04,
  author 	={Gonzales, Rafael C. and Woods, Richard E. and Eddins, Steven L.},
  title 	={Digital Image Processing using \textsc{Matlab}},
  edition 	={2},
  year 		={2004},
  publisher 	={Prentice Hall},
  isbn 		={978-0-982-08540-0},
}

@misc{DIPUM,
  shorthand 	={DIPUM},
  author 	={Gonzales, Rafael C. and Woods, Richard E. and Eddins, Steven L.},
  title 	={The DIPUM Toolbox Version 2},
  url 		={http://www.imageprocessingplace.com/DIPUM_Toolbox_2/DIPUM_Toolbox_2.htm},
  urldate 	={2015-10-11},
}

@article{Cap07,
  author  	={Cappelli, R. and Ferrara, M. and Franco, A. and Maltoni, D.},
  title   	={Fingerprint Verification Competition 2006},
  journal 	={Biometric Technology Today},
  volume  	={15},
  issue 	={7-8},
  date    	={2007-08},
  pages   	={7--9},
  doi 		={10.1016/S0969-4765(07)70140-6},
}

@book{FVC04,
  shorthand 	={FVC04},
  author 	={},
  title 	={FVC 2004: The Third International Fingerprint Verification Competition},
  year 		={2003},
  publisher 	={University of Bologna: Biometric System Lab},
  url 		={http://bias.csr.unibo.it/fvc2004/},
  urldate 	={2015-10-11},
}

@unpublished{Hud15,
  author 	={Hudritsch, Markus},
  title 	={Grundlagen der Computer Vision},
  subtitle 	={Skript. Vertiefung in Computer Perception \& Virtual Reality},
  date 		={2015-03},
  institution 	={Berner Fachhochschule Technik und Informatik BFH-TI},
}

@unpublished{Mul15,
  author 	={M\"uller, Lorenz},
  title 	={Physiologische Biometrie I: Fingerprinterkennung},
  subtitle 	={Skript Wahlpflichtmodul BTI7517},
  date 		={2015-10},
  institution 	={Berner Fachhochschule Technik und Informatik BFH-TI},
}

@unpublished{Sta15,
  author 	={Stampfli, Marx},
  title 	={Programmierung mit Matlab/Octave},
  subtitle 	={Skript Wahlpflichtmodul BZG1301},
  date 		={2015-10},
  institution 	={Berner Fachhochschule Technik und Informatik BFH-TI},
}

@article{JRP04,
  author  	={Jain, A. and Ross, A. and Prabhakar, S.},
  title   	={An Introduction to Biometric Recognition},
  journal 	={IEEE Transactions on Circuits and Systems for Video Technology},
  volume  	={14},
  issue 	={1},
  date    	={2004-01-30},
  pages   	={4--20},
  doi 		={10.1109/TCSVT.2003.818349 },
}


@article{BG02,
  author  	={Bazen, Asker M. and Gerez, Sabih H.},
  title   	={Systematic Methods for the Computation of the Directional Fields and Singular Points of Fingerprints},
  journal 	={IEEE Transactions on Pattern Analysis and Machine Intelligence},
  volume  	={24},
  issue 	={7},
  year    	={2002},
  month    	={07},
  pages   	={905--919},
  doi 		={10.1109/TPAMI.2002.1017618},
}

@book{Mal09,
  author 	={Maltoni, D. and Maio, D. and Jain, A. and Prabhakar, S.},
  title 	={Handbook of Fingerprint Recognition},
  edition 	={2},
  year 		={2009},
  publisher 	={Springer},
  isbn 		={978-1-84882-253-5},
}


